%% This BibTeX bibliography file was created using BibDesk.
%% https://bibdesk.sourceforge.io/

%% Created for Luca Marzola at 2023-09-05 17:12:25 +0300 


%% Saved with string encoding Unicode (UTF-8) 



@article{Rungta,
	author = {Rungta, Pranaw and Bu\ifmmode \check{z}\else \v{z}\fi{}ek, V. and Caves, Carlton M. and Hillery, M. and Milburn, G. J.},
	date-added = {2023-09-05 17:12:12 +0300},
	date-modified = {2023-09-05 17:12:22 +0300},
	doi = {10.1103/PhysRevA.64.042315},
	issue = {4},
	journal = {Phys. Rev. A},
	month = {Sep},
	numpages = {13},
	pages = {042315},
	publisher = {American Physical Society},
	title = {Universal state inversion and concurrence in arbitrary dimensions},
	url = {https://link.aps.org/doi/10.1103/PhysRevA.64.042315},
	volume = {64},
	year = {2001},
	bdsk-url-1 = {https://link.aps.org/doi/10.1103/PhysRevA.64.042315},
	bdsk-url-2 = {https://doi.org/10.1103/PhysRevA.64.042315}}

@article{Mintert,
	author = {Mintert, Florian and Buchleitner, Andreas},
	date-added = {2023-09-05 17:10:58 +0300},
	date-modified = {2023-09-05 17:11:10 +0300},
	doi = {10.1103/PhysRevLett.98.140505},
	issue = {14},
	journal = {Phys. Rev. Lett.},
	month = {Apr},
	numpages = {3},
	pages = {140505},
	publisher = {American Physical Society},
	title = {Observable entanglement measure for mixed quantum states},
	url = {https://link.aps.org/doi/10.1103/PhysRevLett.98.140505},
	volume = {98},
	year = {2007},
	bdsk-url-1 = {https://link.aps.org/doi/10.1103/PhysRevLett.98.140505},
	bdsk-url-2 = {https://doi.org/10.1103/PhysRevLett.98.140505}}

@article{maurin,
	archiveprefix = {arXiv},
	author = {Fabbri, Federica and Howarth, James and Maurin, Theo},
	date-added = {2023-09-05 17:09:27 +0300},
	date-modified = {2023-09-05 17:09:36 +0300},
	eprint = {2307.13783},
	month = {7},
	primaryclass = {hep-ph},
	title = {{Isolating semi-leptonic $\PH \to \PW\PW^{\ast}$ decays for Bell inequality tests}},
	year = {2023}}

@article{Bell,
	author = {Bell, J. S.},
	date-added = {2023-09-05 17:08:03 +0300},
	date-modified = {2023-09-05 17:08:13 +0300},
	doi = {10.1103/PhysicsPhysiqueFizika.1.195},
	issue = {3},
	journal = {Physics Physique Fizika},
	month = {Nov},
	numpages = {6},
	pages = {195},
	publisher = {American Physical Society},
	title = {On the Einstein Podolsky Rosen paradox},
	url = {https://link.aps.org/doi/10.1103/PhysicsPhysiqueFizika.1.195},
	volume = {1},
	year = {1964},
	bdsk-url-1 = {https://link.aps.org/doi/10.1103/PhysicsPhysiqueFizika.1.195},
	bdsk-url-2 = {https://doi.org/10.1103/PhysicsPhysiqueFizika.1.195}}

@article{Barr:2021zcp,
	archiveprefix = {arXiv},
	author = {Barr, Alan J.},
	doi = {10.1016/j.physletb.2021.136866},
	eprint = {2106.01377},
	journal = {Phys. Lett. B},
	pages = {136866},
	primaryclass = {hep-ph},
	title = {{Testing Bell inequalities in Higgs boson decays}},
	volume = {825},
	year = {2022},
	bdsk-url-1 = {https://doi.org/10.1016/j.physletb.2021.136866}}

@article{Aguilar-Saavedra:2022wam,
	archiveprefix = {arXiv},
	author = {Aguilar-Saavedra, J. A. and Bernal, A. and Casas, J. A. and Moreno, J. M.},
	doi = {10.1103/PhysRevD.107.016012},
	eprint = {2209.13441},
	journal = {Phys. Rev. D},
	pages = {016012},
	primaryclass = {hep-ph},
	title = {{Testing entanglement and Bell inequalities in $\PH \to \PZ\PZ$}},
	volume = {107},
	year = {2023},
	bdsk-url-1 = {https://doi.org/10.1103/PhysRevD.107.016012}}

@article{Ashby-Pickering:2022umy,
	archiveprefix = {arXiv},
	author = {Ashby-Pickering, Rachel and Barr, Alan J. and Wierzchucka, Agnieszka},
	doi = {10.1007/JHEP05(2023)020},
	eprint = {2209.13990},
	journal = {JHEP},
	pages = {020},
	primaryclass = {quant-ph},
	title = {{Quantum state tomography, entanglement detection and Bell violation prospects in weak decays of massive particles}},
	volume = {05},
	year = {2023},
	bdsk-url-1 = {https://doi.org/10.1007/JHEP05(2023)020}}

@article{Fabbrichesi:2023cev,
	archiveprefix = {arXiv},
	author = {Fabbrichesi, M. and Floreanini, R. and Gabrielli, E. and Marzola, L.},
	eprint = {2302.00683},
	month = {2},
	primaryclass = {hep-ph},
	title = {{Bell inequalities and quantum entanglement in weak gauge bosons production at the LHC and future colliders}},
	year = {2023}}

@article{Horodecki:2009zz,
	archiveprefix = {arXiv},
	author = {Horodecki, Ryszard and Horodecki, Pawel and Horodecki, Michal and Horodecki, Karol},
	doi = {10.1103/RevModPhys.81.865},
	eprint = {quant-ph/0702225},
	journal = {Rev. Mod. Phys.},
	pages = {865},
	title = {{Quantum entanglement}},
	volume = {81},
	year = {2009},
	bdsk-url-1 = {https://doi.org/10.1103/RevModPhys.81.865}}

@article{Soni:1993jc,
	archiveprefix = {arXiv},
	author = {Soni, A. and Xu, R. M.},
	doi = {10.1103/PhysRevD.48.5259},
	eprint = {hep-ph/9301225},
	journal = {Phys. Rev. D},
	pages = {5259},
	reportnumber = {BNL-48160, ITP-SB-92-54},
	title = {{Probing CP violation via Higgs decays to four leptons}},
	volume = {48},
	year = {1993},
	bdsk-url-1 = {https://doi.org/10.1103/PhysRevD.48.5259}}

@article{Chang:1993jy,
	archiveprefix = {arXiv},
	author = {Chang, Darwin and Keung, Wai-Yee and Phillips, Ivan},
	doi = {10.1103/PhysRevD.48.3225},
	eprint = {hep-ph/9303226},
	journal = {Phys. Rev. D},
	pages = {3225},
	reportnumber = {CERN-TH-6814-93},
	title = {{$CP$ odd correlation in the decay of neutral Higgs boson into $\PZ\PZ$, $\PW^{+}\PW^{-}$, or $\textrm{t}\bar{\textrm{t}}$}},
	volume = {48},
	year = {1993},
	bdsk-url-1 = {https://doi.org/10.1103/PhysRevD.48.3225}}

@article{Skjold:1993jd,
	archiveprefix = {arXiv},
	author = {Skjold, Arild and Osland, Per},
	doi = {10.1016/0370-2693(93)90565-Y},
	eprint = {hep-ph/9303294},
	journal = {Phys. Lett. B},
	pages = {261},
	reportnumber = {BERGEN-1993-03},
	title = {{Angular and energy correlations in Higgs decay}},
	volume = {311},
	year = {1993},
	bdsk-url-1 = {https://doi.org/10.1016/0370-2693(93)90565-Y}}

@article{Buszello:2002uu,
	archiveprefix = {arXiv},
	author = {Buszello, C. P. and Fleck, I. and Marquard, P. and van der Bij, J. J.},
	doi = {10.1140/epjc/s2003-01392-0},
	eprint = {hep-ph/0212396},
	journal = {Eur. Phys. J. C},
	pages = {209},
	reportnumber = {FREIBURG-THEP-02-16, SN-ATLAS-2003-025},
	title = {{Prospective analysis of spin- and $CP$-sensitive variables in $\PH \to \PZ\PZ \to \ell_{1}^{+}\ell_{1}^{-}\ell_{2}^{+}\ell_{2}^{-}$ at the LHC}},
	volume = {32},
	year = {2004},
	bdsk-url-1 = {https://doi.org/10.1140/epjc/s2003-01392-0}}

@article{Choi:2002jk,
	archiveprefix = {arXiv},
	author = {Choi, S. Y. and Miller, D. J. and Muhlleitner, M. M. and Zerwas, P. M.},
	doi = {10.1016/S0370-2693(02)03191-X},
	eprint = {hep-ph/0210077},
	journal = {Phys. Lett. B},
	pages = {61},
	reportnumber = {CERN-TH-2002-231, DESY-02-150, PM-02-26},
	title = {{Identifying the Higgs spin and parity in decays to $\PZ$ pairs}},
	volume = {553},
	year = {2003},
	bdsk-url-1 = {https://doi.org/10.1016/S0370-2693(02)03191-X}}

@article{Gao:2010qx,
	archiveprefix = {arXiv},
	author = {Gao, Yanyan and Gritsan, Andrei V. and Guo, Zijin and Melnikov, Kirill and Schulze, Markus and Tran, Nhan V.},
	doi = {10.1103/PhysRevD.81.075022},
	eprint = {1001.3396},
	journal = {Phys. Rev. D},
	pages = {075022},
	primaryclass = {hep-ph},
	reportnumber = {FERMILAB-PUB-10-011-E},
	title = {{Spin determination of single-produced resonances at hadron colliders}},
	volume = {81},
	year = {2010},
	bdsk-url-1 = {https://doi.org/10.1103/PhysRevD.81.075022}}

@article{Christensen:2010pf,
	archiveprefix = {arXiv},
	author = {Christensen, Neil D. and Han, Tao and Li, Yingchuan},
	doi = {10.1016/j.physletb.2010.08.008},
	eprint = {1005.5393},
	journal = {Phys. Lett. B},
	pages = {28},
	primaryclass = {hep-ph},
	reportnumber = {MADPH-10-1560, NPAC-10-08},
	title = {{Testing $CP$ violation in $\PZ\PZ\PH$ interactions at the LHC}},
	volume = {693},
	year = {2010},
	bdsk-url-1 = {https://doi.org/10.1016/j.physletb.2010.08.008}}

@article{Desai:2011yj,
	archiveprefix = {arXiv},
	author = {Desai, Nishita and Ghosh, Dilip Kumar and Mukhopadhyaya, Biswarup},
	doi = {10.1103/PhysRevD.83.113004},
	eprint = {1104.3327},
	journal = {Phys. Rev. D},
	pages = {113004},
	primaryclass = {hep-ph},
	reportnumber = {HRI-RECAPP-2011-002},
	title = {{$CP$-violating $\PH\PW\PW$ couplings at the Large Hadron Collider}},
	volume = {83},
	year = {2011},
	bdsk-url-1 = {https://doi.org/10.1103/PhysRevD.83.113004}}

@article{Bolognesi:2012mm,
	archiveprefix = {arXiv},
	author = {Bolognesi, Sara and Gao, Yanyan and Gritsan, Andrei V. and Melnikov, Kirill and Schulze, Markus and Tran, Nhan V. and Whitbeck, Andrew},
	doi = {10.1103/PhysRevD.86.095031},
	eprint = {1208.4018},
	journal = {Phys. Rev. D},
	pages = {095031},
	primaryclass = {hep-ph},
	reportnumber = {ANL-HEP-PR-12-62, FERMILAB-PUB-12-475-PPD},
	title = {{On the spin and parity of a single-produced resonance at the LHC}},
	volume = {86},
	year = {2012},
	bdsk-url-1 = {https://doi.org/10.1103/PhysRevD.86.095031}}

@article{Dwivedi:2016xwm,
	archiveprefix = {arXiv},
	author = {Dwivedi, Siddharth and Ghosh, Dilip Kumar and Mukhopadhyaya, Biswarup and Shivaji, Ambresh},
	doi = {10.1103/PhysRevD.93.115039},
	eprint = {1603.06195},
	journal = {Phys. Rev. D},
	pages = {115039},
	primaryclass = {hep-ph},
	title = {{Distinguishing $CP$-odd couplings of the Higgs boson to weak boson pairs}},
	volume = {93},
	year = {2016},
	bdsk-url-1 = {https://doi.org/10.1103/PhysRevD.93.115039}}

@article{Anderson:2013afp,
	archiveprefix = {arXiv},
	author = {Anderson, Ian and others},
	doi = {10.1103/PhysRevD.89.035007},
	editor = {Graf, Norman A. and Peskin, Michael E. and Rosner, Jonathan L.},
	eprint = {1309.4819},
	journal = {Phys. Rev. D},
	pages = {035007},
	primaryclass = {hep-ph},
	reportnumber = {FERMILAB-PUB-13-386-PPD},
	title = {{Constraining anomalous $\PH\textrm{V}\textrm{V}$ interactions at proton and lepton colliders}},
	volume = {89},
	year = {2014},
	bdsk-url-1 = {https://doi.org/10.1103/PhysRevD.89.035007}}

@article{Artoisenet:2013puc,
	archiveprefix = {arXiv},
	author = {Artoisenet, P. and others},
	doi = {10.1007/JHEP11(2013)043},
	eprint = {1306.6464},
	journal = {JHEP},
	pages = {043},
	primaryclass = {hep-ph},
	reportnumber = {CERN-PH-TH-2013-148},
	title = {{A framework for Higgs characterisation}},
	volume = {11},
	year = {2013},
	bdsk-url-1 = {https://doi.org/10.1007/JHEP11(2013)043}}

@article{Boselli:2017pef,
	archiveprefix = {arXiv},
	author = {Boselli, Stefano and Carloni Calame, Carlo M. and Montagna, Guido and Nicrosini, Oreste and Piccinini, Fulvio and Shivaji, Ambresh},
	doi = {10.1007/JHEP01(2018)096},
	eprint = {1703.06667},
	journal = {JHEP},
	pages = {096},
	primaryclass = {hep-ph},
	reportnumber = {CP3-17-07},
	title = {{Higgs decay into four charged leptons in the presence of dimension-six operators}},
	volume = {01},
	year = {2018},
	bdsk-url-1 = {https://doi.org/10.1007/JHEP01(2018)096}}

@article{Brivio:2019myy,
	archiveprefix = {arXiv},
	author = {Brivio, Ilaria and Corbett, Tyler and Trott, Michael},
	doi = {10.1007/JHEP10(2019)056},
	eprint = {1906.06949},
	journal = {JHEP},
	pages = {056},
	primaryclass = {hep-ph},
	title = {{The Higgs width in the SMEFT}},
	volume = {10},
	year = {2019},
	bdsk-url-1 = {https://doi.org/10.1007/JHEP10(2019)056}}

@article{Hellmund:1981kq,
	author = {Hellmund, M. and Ranft, Gisela},
	doi = {10.1007/BF01557578},
	journal = {Z. Phys. C},
	pages = {333},
	reportnumber = {KMU-HEP-81-05},
	title = {{Gauge vector boson pair production at $\bar{\Pp}\Pp$ collider energies}},
	volume = {12},
	year = {1982},
	bdsk-url-1 = {https://doi.org/10.1007/BF01557578}}

@article{Shim:1995ax,
	archiveprefix = {arXiv},
	author = {Shim, J. S. and Baek, Seungwon and Song, H. S.},
	eprint = {hep-ph/9510242},
	journal = {J. Korean Phys. Soc.},
	pages = {293--299},
	reportnumber = {SNUTP-95-074},
	title = {{Polarization effects in electroweak vector boson productions}},
	volume = {29},
	year = {1996}}

@article{Mahlon:1998jd,
	archiveprefix = {arXiv},
	author = {Mahlon, Gregory and Parke, Stephen J.},
	doi = {10.1103/PhysRevD.58.054015},
	eprint = {hep-ph/9803410},
	journal = {Phys. Rev. D},
	pages = {054015},
	reportnumber = {FERMILAB-PUB-98-077-T, MCGILL-98-6},
	title = {{Deconstructing angular correlations in $\PZ\PH$, $\PZ\PZ$, and $\PW\PW$ production at LEP-2}},
	volume = {58},
	year = {1998},
	bdsk-url-1 = {https://doi.org/10.1103/PhysRevD.58.054015}}

@article{Bern:2011ie,
	archiveprefix = {arXiv},
	author = {Bern, Z. and others},
	doi = {10.1103/PhysRevD.84.034008},
	eprint = {1103.5445},
	journal = {Phys. Rev. D},
	pages = {034008},
	primaryclass = {hep-ph},
	reportnumber = {SLAC-PUB-14409, CERN-PH-TH-2011-062, UCLA-11-TEP-10, SB-F-386-11, SACLAY-IPHT-T11-040, IPPP-11-15, NIKHEF-2011-006},
	title = {{Left-handed $\PW$ bosons at the LHC}},
	volume = {84},
	year = {2011},
	bdsk-url-1 = {https://doi.org/10.1103/PhysRevD.84.034008}}

@article{Stirling:2012zt,
	archiveprefix = {arXiv},
	author = {Stirling, W. J. and Vryonidou, E.},
	doi = {10.1007/JHEP07(2012)124},
	eprint = {1204.6427},
	journal = {JHEP},
	pages = {124},
	primaryclass = {hep-ph},
	title = {{Electroweak gauge boson polarisation at the LHC}},
	volume = {07},
	year = {2012},
	bdsk-url-1 = {https://doi.org/10.1007/JHEP07(2012)124}}

@article{Maina:2020rgd,
	archiveprefix = {arXiv},
	author = {Maina, Ezio},
	doi = {10.1016/j.physletb.2021.136360},
	eprint = {2007.12080},
	journal = {Phys. Lett. B},
	pages = {136360},
	primaryclass = {hep-ph},
	title = {{Vector boson polarizations in the decay of the Standard Model Higgs}},
	volume = {818},
	year = {2021},
	bdsk-url-1 = {https://doi.org/10.1016/j.physletb.2021.136360}}

@article{Maina:2021xpe,
	archiveprefix = {arXiv},
	author = {Maina, Ezio and Pelliccioli, Giovanni},
	doi = {10.1140/epjc/s10052-021-09774-6},
	eprint = {2105.07972},
	journal = {Eur. Phys. J. C},
	pages = {989},
	primaryclass = {hep-ph},
	title = {{Polarized $\PZ$ bosons from the decay of a Higgs boson produced in association with two jets at the LHC}},
	volume = {81},
	year = {2021},
	bdsk-url-1 = {https://doi.org/10.1140/epjc/s10052-021-09774-6}}

@article{Rao:2020hel,
	archiveprefix = {arXiv},
	author = {Rao, Kumar and Rindani, Saurabh D. and Sarmah, Priyanka},
	doi = {10.1016/j.nuclphysb.2021.115317},
	eprint = {2009.00980},
	journal = {Nucl. Phys. B},
	pages = {115317},
	primaryclass = {hep-ph},
	title = {{Study of anomalous gauge-Higgs couplings using $\PZ$ boson polarization at LHC}},
	volume = {964},
	year = {2021},
	bdsk-url-1 = {https://doi.org/10.1016/j.nuclphysb.2021.115317}}

@article{CMS:2019ekd,
	archiveprefix = {arXiv},
	author = {Sirunyan, Albert M and others},
	collaboration = {CMS},
	doi = {10.1103/PhysRevD.99.112003},
	eprint = {1901.00174},
	journal = {Phys. Rev. D},
	pages = {112003},
	primaryclass = {hep-ex},
	reportnumber = {CMS-HIG-18-002, CERN-EP-2018-329},
	title = {{Measurements of the Higgs boson width and anomalous $HVV$ couplings from on-shell and off-shell production in the four-lepton final state}},
	volume = {99},
	year = {2019},
	bdsk-url-1 = {https://doi.org/10.1103/PhysRevD.99.112003}}

@article{ATLAS:2020rej,
	archiveprefix = {arXiv},
	author = {Aad, Georges and others},
	collaboration = {ATLAS},
	doi = {10.1140/epjc/s10052-020-8227-9},
	eprint = {2004.03447},
	journal = {Eur. Phys. J. C},
	note = {[Erratum: Eur.Phys.J.C 81, 29 (2021), Erratum: Eur.Phys.J.C 81, 398 (2021)]},
	pages = {957},
	primaryclass = {hep-ex},
	reportnumber = {CERN-EP-2020-034},
	title = {{Higgs boson production cross-section measurements and their EFT interpretation in the $4\ell$ decay channel at $\sqrt{s} = 13$~\TeV with the ATLAS detector}},
	volume = {80},
	year = {2020},
	bdsk-url-1 = {https://doi.org/10.1140/epjc/s10052-020-8227-9}}

@article{Rahaman:2021fcz,
	archiveprefix = {arXiv},
	author = {Rahaman, Rafiqul and Singh, Ritesh K.},
	doi = {10.1016/j.nuclphysb.2022.115984},
	eprint = {2109.09345},
	journal = {Nucl. Phys. B},
	pages = {115984},
	primaryclass = {hep-ph},
	reportnumber = {HRI-RECAPP-2021-010},
	title = {{Breaking down the entire spectrum of spin correlations of a pair of particles involving fermions and gauge bosons}},
	volume = {984},
	year = {2022},
	bdsk-url-1 = {https://doi.org/10.1016/j.nuclphysb.2022.115984}}

@article{ATLAS:2022ooq,
	archiveprefix = {arXiv},
	collaboration = {ATLAS},
	eprint = {2207.00338},
	month = {7},
	primaryclass = {hep-ex},
	reportnumber = {CERN-EP-2022-078},
	title = {{Measurements of Higgs boson production by gluon$-$gluon fusion and vector-boson fusion using $\PH \to \PW\PW^{\ast} \to \rightarrow W \Pe\Pgn \Pgm\Pgn$ decays in $\Pp\Pp$ collisions at $\sqrt{s} = 13$~\TeV with the ATLAS detector}},
	year = {2022}}

@article{ATLAS:2022zjg,
	archiveprefix = {arXiv},
	author = {Aad, Georges and others},
	collaboration = {ATLAS},
	doi = {10.1016/j.physletb.2023.137880},
	eprint = {2207.00320},
	journal = {Phys. Lett. B},
	pages = {137880},
	primaryclass = {hep-ex},
	reportnumber = {CERN-EP-2022-135},
	title = {{Measurement of the Higgs boson mass in the $\PH \to \PZ\PZ^{\ast} \to 4 \ell$ decay channel using $139$~fb$^{-1}$ of $\sqrt{s} = 13$~\TeV $\Pp\Pp$ collisions recorded by the ATLAS detector at the LHC}},
	volume = {843},
	year = {2023},
	bdsk-url-1 = {https://doi.org/10.1016/j.physletb.2023.137880}}

@article{CMS:2022uhn,
	archiveprefix = {arXiv},
	author = {Tumasyan, Armen and others},
	collaboration = {CMS},
	doi = {10.1140/epjc/s10052-023-11632-6},
	eprint = {2206.09466},
	journal = {Eur. Phys. J. C},
	pages = {667},
	primaryclass = {hep-ex},
	reportnumber = {CMS-HIG-20-013, CERN-EP-2022-120},
	title = {{Measurements of the Higgs boson production cross section and couplings in the $\PW$ boson pair decay channel in proton-proton collisions at $\sqrt{s} = 13$~\TeV}},
	volume = {83},
	year = {2023},
	bdsk-url-1 = {https://doi.org/10.1140/epjc/s10052-023-11632-6}}

@article{Song:1979wc,
	author = {Song, H. S.},
	doi = {10.1007/BF02778026},
	journal = {Lett. Nuovo Cim.},
	pages = {161},
	reportnumber = {SLAC-PUB-2345},
	title = {{A treatment of spin 1 polarization}},
	volume = {25},
	year = {1979},
	bdsk-url-1 = {https://doi.org/10.1007/BF02778026}}

@article{Choi:1989yf,
	author = {Choi, S. Y. and Lee, Taeyeon and Song, H. S.},
	doi = {10.1103/PhysRevD.40.2477},
	journal = {Phys. Rev. D},
	pages = {2477},
	reportnumber = {SNUHE-89-04},
	title = {{Density matrix for polarization of high spin particles}},
	volume = {40},
	year = {1989},
	bdsk-url-1 = {https://doi.org/10.1103/PhysRevD.40.2477}}

@inproceedings{Actis:2009ti,
	archiveprefix = {arXiv},
	author = {Actis, Stefano},
	booktitle = {{International Linear Collider Workshop (LCWS08 and ILC08)}},
	eprint = {0901.4681},
	month = {1},
	primaryclass = {hep-ph},
	reportnumber = {PITHA-09-02, SFB-CPP-09-06},
	title = {{NLO electroweak corrections to Higgs decay to two photons}},
	year = {2009}}

@article{Boselli:2015aha,
	archiveprefix = {arXiv},
	author = {Boselli, Stefano and Carloni Calame, Carlo M. and Montagna, Guido and Nicrosini, Oreste and Piccinini, Fulvio},
	doi = {10.1007/JHEP06(2015)023},
	eprint = {1503.07394},
	journal = {JHEP},
	pages = {023},
	primaryclass = {hep-ph},
	title = {{Higgs boson decay into four leptons at NLOPS electroweak accuracy}},
	volume = {06},
	year = {2015},
	bdsk-url-1 = {https://doi.org/10.1007/JHEP06(2015)023}}

@article{CMS:2021ugl,
	archiveprefix = {arXiv},
	author = {Sirunyan, Albert M and others},
	collaboration = {CMS},
	doi = {10.1140/epjc/s10052-021-09200-x},
	eprint = {2103.04956},
	journal = {Eur. Phys. J. C},
	pages = {488},
	primaryclass = {hep-ex},
	reportnumber = {CMS-HIG-19-001, CERN-EP-2021-016},
	title = {{Measurements of production cross sections of the Higgs boson in the four-lepton final state in proton--proton collisions at $\sqrt{s} = 13$~\TeV}},
	volume = {81},
	year = {2021},
	bdsk-url-1 = {https://doi.org/10.1140/epjc/s10052-021-09200-x}}

@article{Han:2000mi,
	archiveprefix = {arXiv},
	author = {Han, Tao and Jiang, J.},
	doi = {10.1103/PhysRevD.63.096007},
	eprint = {hep-ph/0011271},
	journal = {Phys. Rev. D},
	pages = {096007},
	reportnumber = {MAD-PH-00-1201, MADPH-00-1201},
	title = {{$CP$ violating $\PZ\PZ\PH$ coupling at $\Pep\Pem$ linear colliders}},
	volume = {63},
	year = {2001},
	bdsk-url-1 = {https://doi.org/10.1103/PhysRevD.63.096007}}

@article{Craig:2015wwr,
	archiveprefix = {arXiv},
	author = {Craig, Nathaniel and Gu, Jiayin and Liu, Zhen and Wang, Kechen},
	date-modified = {2023-09-05 17:04:58 +0300},
	doi = {10.1007/JHEP03(2016)050},
	eprint = {1512.06877},
	journal = {JHEP},
	pages = {050},
	primaryclass = {hep-ph},
	reportnumber = {FERMILAB-PUB-15-569-T},
	title = {{Beyond Higgs couplings: probing the Higgs with angular observables at future $\Pep\Pem$ colliders}},
	volume = {03},
	year = {2016},
	bdsk-url-1 = {https://doi.org/10.1007/JHEP03(2016)050}}

@article{Sharma:2022epc,
	archiveprefix = {arXiv},
	author = {Sharma, Pramod and Shivaji, Ambresh},
	doi = {10.1007/JHEP10(2022)108},
	eprint = {2207.03862},
	journal = {JHEP},
	pages = {108},
	primaryclass = {hep-ph},
	title = {{Probing non-standard $\PH\textrm{V}\textrm{V}$ ($\textrm{V}$ = $\PW$, $\PZ$) couplings in single Higgs production at future electron-proton collider}},
	volume = {10},
	year = {2022},
	bdsk-url-1 = {https://doi.org/10.1007/JHEP10(2022)108}}

@article{Belle-II:2023izd,
    author = "{Belle-II Collaboration}",
    title = "{Measurement of the $\Pgt$-lepton mass with the Belle II experiment}",
    eprint = "2305.19116",
    archivePrefix = "arXiv",
    primaryClass = "hep-ex",
    reportNumber = "Belle II Preprint 2023-008, KEK Preprint 2023-6",
    doi = "10.1103/PhysRevD.108.032006",
    journal = "Phys. Rev. D",
    volume = "108",
    pages = "032006",
    year = "2023"}

@article{Akai:2018mbz,
    author = "{SuperKEKB Collaboration}",
    title = "{SuperKEKB Collider}",
    eprint = "1809.01958",
    archivePrefix = "arXiv",
    primaryClass = "physics.acc-ph",
    doi = "10.1016/j.nima.2018.08.017",
    journal = "Nucl. Instrum. Meth. A",
    volume = "907",
    pages = "188",
    year = "2018"}

@article{Bierlich:2022pfr,
    author = "Bierlich, Christian and others",
    title = "{A comprehensive guide to the physics and usage of PYTHIA 8.3}",
    eprint = "2203.11601",
    archivePrefix = "arXiv",
    primaryClass = "hep-ph",
    reportNumber = "LU-TP 22-16, MCNET-22-04, FERMILAB-PUB-22-227-SCD",
    doi = "10.21468/SciPostPhysCodeb.8",
    month = "3",
    year = "2022"}

@article{Belle-II:2010dht,
    author = "{Belle-II Collaboration}",
    title = "{Belle II technical design report}",
    eprint = "1011.0352",
    archivePrefix = "arXiv",
    primaryClass = "physics.ins-det",
    reportNumber = "KEK-REPORT-2010-1",
    month = "11",
    year = "2010"}

@article{GEANT4:2002zbu,
    author = "{GEANT4 Collaboration}",
    title = "{GEANT4--a simulation toolkit}",
    reportNumber = "SLAC-PUB-9350, FERMILAB-PUB-03-339, CERN-IT-2002-003",
    doi = "10.1016/S0168-9002(03)01368-8",
    journal = "Nucl. Instrum. Meth. A",
    volume = "506",
    pages = "250",
    year = "2003"}

@article{Kuhr:2018lps,
    author = "Kuhr, T. and Pulvermacher, C. and Ritter, M. and Hauth, T. and Braun, N.",
    title = "{The Belle II core software}",
    eprint = "1809.04299",
    archivePrefix = "arXiv",
    primaryClass = "physics.comp-ph",
    doi = "10.1007/s41781-018-0017-9",
    journal = "Comput. Softw. Big Sci.",
    volume = "3",
    pages = "1",
    year = "2019"}

@misc{basf2,
     title = "{Belle II analysis software framework (basf2)}",
     howpublished = "{https://doi.org/10.1007/s41781-018-0017-9}"}

@article{Jadach:1990mz,
    author = "Jadach, Stanislaw and K{\"u}hn, Johann H. and Was, Zbigniew",
    title = "{TAUOLA: a library of Monte Carlo programs to simulate decays of polarized tau leptons}",
    reportNumber = "CERN-TH-5856-90",
    doi = "10.1016/0010-4655(91)90038-M",
    journal = "Comput. Phys. Commun.",
    volume = "64",
    pages = "275",
    year = "1990"}

@article{Davier:1992nw,
    author = "Davier, M. and Duflot, L. and Le Diberder, F. and Rouge, A.",
    title = "{The optimal method for the measurement of tau polarization}",
    reportNumber = "LAL-92-73, X-LPNHE-92-22",
    doi = "10.1016/0370-2693(93)90101-M",
    journal = "Phys. Lett. B",
    volume = "306",
    pages = "411",
    year = "1993"}

@inproceedings{Rouge:1991pm,
    author = "Rouge, Andre",
    title = "{Tau decays as polarization analysers}",
    booktitle = "{Workshop on Tau Lepton Physics}",
    reportNumber = "FPRINT-91-06",
    pages = "213",
    month = "5",
    year = "1991"}

@article{Bernreuther:2001rq,
    author = "Bernreuther, W. and Brandenburg, A. and Si, Z. G. and Uwer, P.",
    title = "{Top quark spin correlations at hadron colliders: predictions at next-to-leading order QCD}",
    eprint = "hep-ph/0107086",
    archivePrefix = "arXiv",
    reportNumber = "DESY-01-085, PITHA-01-06, TTP-01-16",
    doi = "10.1103/PhysRevLett.87.242002",
    journal = "Phys. Rev. Lett.",
    volume = "87",
    pages = "242002",
    year = "2001"}

@article{Altakach:2022ywa,
    author = "Altakach, Mohammad Mahdi and Lamba, Priyanka and Maltoni, Fabio and Mawatari, Kentarou and Sakurai, Kazuki",
    title = "{Quantum information and CP measurement in $\PH \to \Pgtp\Pgtm$ at future lepton colliders}",
    eprint = "2211.10513",
    archivePrefix = "arXiv",
    primaryClass = "hep-ph",
    doi = "10.1103/PhysRevD.107.093002",
    journal = "Phys. Rev. D",
    volume = "107",
    pages = "093002",
    year = "2023"}

@article{Ma:2023yvd,
    author = "Ma, Kai and Li, Tong",
    title = "{Testing Bell inequality through $\PH \to \Pgt\Pgt$ at CEPC}",
    eprint = "2309.08103",
    archivePrefix = "arXiv",
    primaryClass = "hep-ph",
    month = "9",
    year = "2023"}

@article{Fabbrichesi:2022ovb,
    author = "Fabbrichesi, Marco and Floreanini, Roberto and Gabrielli, Emidio",
    title = "{Constraining new physics in entangled two-qubit systems: top-quark, tau-lepton and photon pairs}",
    eprint = "2208.11723",
    archivePrefix = "arXiv",
    primaryClass = "hep-ph",
    doi = "10.1140/epjc/s10052-023-11307-2",
    journal = "Eur. Phys. J. C",
    volume = "83",
    pages = "162",
    year = "2023"}

@article{Abel:1992kz,
    author = "Abel, S. A. and Dittmar, M. and Dreiner, Herbert K.",
    title = "{Testing locality at colliders via Bell's inequality?}",
    reportNumber = "OUTP-91-40-P",
    doi = "10.1016/0370-2693(92)90071-B",
    journal = "Phys. Lett. B",
    volume = "280",
    pages = "304",
    year = "1992"}

@article{Kuhn:1995nn,
    author = "K{\"u}hn, Johann H.",
    title = "{Tau polarimetry with multi-meson states}",
    eprint = "hep-ph/9505303",
    archivePrefix = "arXiv",
    reportNumber = "SLAC-PUB-6889, SLAC-PUB-95-6889, TTP-95-21",
    doi = "10.1103/PhysRevD.52.3128",
    journal = "Phys. Rev. D",
    volume = "52",
    pages = "3128",
    year = "1995"}

@article{Bouchiat:1958yui,
    author = "Bouchiat, Claude and Michel, Louis",
    title = "{Mesure de la polarisation des electrons relativistes}",
    doi = "10.1016/0029-5582(58)90046-4",
    journal = "Nucl. Phys.",
    volume = "5",
    pages = "416",
    year = "1958"}

@misc{Avery:kinfit,
     author = "Avery, Paul",
     title = "{Fitting theory writeups and references}",
     howpublished = "{https://www.phys.ufl.edu/~avery/fitting.html}"}

@misc{Avery:hugeerror,
     author = "Avery, Paul",
     title = "{Applied fitting theory I -- general least squares theory}",
     howpublished = "{https://www.phys.ufl.edu/~avery/fitting/fitting1.pdf}"}

@article{Cherepanov:2018npf,
    author = "Cherepanov, Vladimir and Zotz, Alexander",
    title = "{Kinematic reconstruction of $\PZ/\PH \to \Pgt\Pgt$ decay in proton-proton collisions}",
    eprint = "1805.06988",
    archivePrefix = "arXiv",
    primaryClass = "hep-ph",
    month = "5",
    year = "2018"}

@phdthesis{Sauerland:1358627,
    author        = "Sauerland, Philip",
    title         = "{Kinematic reconstruction of tau leptons and test for lepton universality in charged weak interactions with the CMS experiment}",
    school        = "{RWTH Aachen}",
    year          = "2011",
    url           = "{https://cds.cern.ch/record/1358627}",}

@article{Bernreuther:2015yna,
    author = "Bernreuther, Werner and Heisler, Dennis and Si, Zong-Guo",
    title = "{A set of top quark spin correlation and polarization observables for the LHC: Standard Model predictions and new physics contributions}",
    eprint = "1508.05271",
    archivePrefix = "arXiv",
    primaryClass = "hep-ph",
    reportNumber = "TTK-15-16",
    doi = "10.1007/JHEP12(2015)026",
    journal = "JHEP",
    volume = "12",
    pages = "026",
    year = "2015"}

@article{Bernreuther:2004jv,
    author = "Bernreuther, W. and Brandenburg, A. and Si, Z. G. and Uwer, P.",
    title = "{Top quark pair production and decay at hadron colliders}",
    eprint = "hep-ph/0403035",
    archivePrefix = "arXiv",
    reportNumber = "CERN-PH-TH-2004-046, DESY-04-026, PITHA-04-06, TTP04-03",
    doi = "10.1016/j.nuclphysb.2004.04.019",
    journal = "Nucl. Phys. B",
    volume = "690",
    pages = "81",
    year = "2004"}

@article{Aguilar-Saavedra:2022uye,
    author = "Aguilar-Saavedra, J. A. and Casas, J. A.",
    title = "{Improved tests of entanglement and Bell inequalities with LHC tops}",
    eprint = "2205.00542",
    archivePrefix = "arXiv",
    primaryClass = "hep-ph",
    reportNumber = "IFT-UAM/CSIC-22-45",
    doi = "10.1140/epjc/s10052-022-10630-4",
    journal = "Eur. Phys. J. C",
    volume = "82",
    pages = "666",
    year = "2022"}

@article{Wootters:1997id,
    author = "Wootters, William K.",
    title = "{Entanglement of formation of an arbitrary state of two qubits}",
    eprint = "quant-ph/9709029",
    archivePrefix = "arXiv",
    doi = "10.1103/PhysRevLett.80.2245",
    journal = "Phys. Rev. Lett.",
    volume = "80",
    pages = "2245",
    year = "1998"}

@article{Clauser:1969ny,
    author = "Clauser, John F. and Horne, Michael A. and Shimony, Abner and Holt, Richard A.",
    title = "{Proposed experiment to test local hidden variable theories}",
    doi = "10.1103/PhysRevLett.23.880",
    journal = "Phys. Rev. Lett.",
    volume = "23",
    pages = "880",
    year = "1969"}

@article{bootstrapping,
    author = "B. Efron",
    title = "{Bootstrap methods: another look at the Jackknife}",
    volume = "7",
    journal = "Ann. Statist.",
    pages = "1",
    year = "1979",
    doi = "10.1214/aos/1176344552"}

@article{Verkerke:2003ir,
    author = "Verkerke, Wouter and Kirkby, David P.",
    editor = "Lyons, L. and Karagoz, Muge",
    title = "{The RooFit toolkit for data modeling}",
    eprint = "physics/0306116",
    archivePrefix = "arXiv",
    reportNumber = "CHEP-2003-MOLT007",
    journal = "eConf",
    volume = "C0303241",
    pages = "MOLT007",
    year = "2003"}

@article{James:1975dr,
    author = "James, F. and Roos, M.",
    title = "{Minuit: a system for function minimization and analysis of the parameter errors and correlations}",
    reportNumber = "CERN-DD-75-20",
    doi = "10.1016/0010-4655(75)90039-9",
    journal = "Comput. Phys. Commun.",
    volume = "10",
    pages = "343",
    year = "1975"}

@article{ParticleDataGroup:2022pth,
    author = "{Particle Data Group}",
    title = "{Review of Particle Physics}",
    doi = "10.1093/ptep/ptac097",
    journal = "PTEP",
    volume = "2022",
    pages = "083C01",
    year = "2022"}

@book{Rossi:2018,
    author = "Rossi, Richard J.",
    title = "{Mathematical statistics: an introduction to likelihood based inference}",
    isbn = "978-1118771044",
    year = "2018",
    publisher = "{John Wiley \& Sons}"}

@article{Belle-II:2018jsg,
    author = "Altmannshofer, W. and others",
    editor = "Kou, E. and Urquijo, P.",
    collaboration = "Belle-II",
    title = "{The Belle II physics book}",
    eprint = "1808.10567",
    archivePrefix = "arXiv",
    primaryClass = "hep-ex",
    reportNumber = "KEK Preprint 2018-27, BELLE2-PUB-PH-2018-001, FERMILAB-PUB-18-398-T, JLAB-THY-18-2780, INT-PUB-18-047, UWThPh 2018-26",
    doi = "10.1093/ptep/ptz106",
    journal = "PTEP",
    volume = "2019",
    pages = "123C01",
    year = "2019",
    note = "[Erratum: PTEP 2020, 029201 (2020)]"}

@article{Bennett:1996gf,
    author = "Bennett, Charles H. and DiVincenzo, David P. and Smolin, John A. and Wootters, William K.",
    title = "{Mixed state entanglement and quantum error correction}",
    eprint = "quant-ph/9604024",
    archivePrefix = "arXiv",
    doi = "10.1103/PhysRevA.54.3824",
    journal = "Phys. Rev. A",
    volume = "54",
    pages = "3824",
    year = "1996"
}

@article{Fabbrichesi:2023idl,
    author = "Fabbrichesi, M. and Floreanini, R. and Gabrielli, E. and Marzola, L.",
    title = "{Bell inequality is violated in $\PB^0 \to \textrm{J}/\psi \, \PK^{\ast}(892)^0$ decays}",
    eprint = "2305.04982",
    archivePrefix = "arXiv",
    primaryClass = "hep-ph",
    month = "5",
    year = "2023"
}

@article{Bell:1964kc,
    author = "Bell, J. S.",
    title = "{On the Einstein-Podolsky-Rosen paradox}",
    reportNumber = "RX-1376",
    doi = "10.1103/PhysicsPhysiqueFizika.1.195",
    journal = "Physics Physique Fizika",
    volume = "1",
    pages = "195",
    year = "1964"
}

@article{Afik:2022dgh,
    author = "Afik, Yoav and de Nova, Juan R. M.",
    title = "{Quantum discord and steering in top quarks at the LHC}",
    eprint = "2209.03969",
    archivePrefix = "arXiv",
    primaryClass = "quant-ph",
    doi = "10.1103/PhysRevLett.130.221801",
    journal = "Phys. Rev. Lett.",
    volume = "130",
    pages = "221801",
    year = "2023"
}

@article{Fabbrichesi:2021npl,
    author = "Fabbrichesi, M. and Floreanini, R. and Panizzo, G.",
    title = "{Testing Bell inequalities at the LHC with top-quark pairs}",
    eprint = "2102.11883",
    archivePrefix = "arXiv",
    primaryClass = "hep-ph",
    doi = "10.1103/PhysRevLett.127.161801",
    journal = "Phys. Rev. Lett.",
    volume = "127",
    pages = "161801",
    year = "2021"
}

@article{Afik:2020onf,
    author = "Afik, Yoav and de Nova, Juan R. M.",
    title = "{Entanglement and quantum tomography with top quarks at the LHC}",
    eprint = "2003.02280",
    archivePrefix = "arXiv",
    primaryClass = "quant-ph",
    doi = "10.1140/epjp/s13360-021-01902-1",
    journal = "Eur. Phys. J. Plus",
    volume = "136",
    pages = "907",
    year = "2021"
}

@article{Privitera:1991nz,
    author = "Privitera, Paolo",
    title = "{Decay correlations in $\Pep\Pem \to \Pgtp\Pgtm$ as a test of quantum mechanics}",
    reportNumber = "IEKP-KA-91-08, CERN-PPE-91-166",
    doi = "10.1016/0370-2693(92)90872-2",
    journal = "Phys. Lett. B",
    volume = "275",
    pages = "172",
    year = "1992"
}

@article{HORODECKI1995340,
	abstract = {The necessary and sufficient condition for violating the Clauser-Horne-Shimony-Holt (CHSH) inequality by an arbitrary mixed spin-12 state is presented. Some examples of mixtures which demonstrate the utility of the condition are considered. In particular, it is shown that the local hidden variable (LHV) model for mixed states introduced by Werner [Phys. Rev. A 40 (1989) 4277] is forbidden in some region.},
	author = {R. Horodecki and P. Horodecki and M. Horodecki},
	doi = {https://doi.org/10.1016/0375-9601(95)00214-N},
	issn = {0375-9601},
	journal = {Phys. Lett. A},
	pages = {340},
	title = {Violating Bell inequality by mixed spin-12 states: necessary and sufficient condition},
	url = {https://www.sciencedirect.com/science/article/pii/037596019500214N},
	volume = {200},
	year = {1995},
	bdsk-url-1 = {https://www.sciencedirect.com/science/article/pii/037596019500214N},
	bdsk-url-2 = {https://doi.org/10.1016/0375-9601(95)00214-N}}

@article{Clauser_1978,
doi = {10.1088/0034-4885/41/12/002},
url = {https://dx.doi.org/10.1088/0034-4885/41/12/002},
year = {1978},
month = {dec},
publisher = {},
volume = {41},
pages = {1881},
author = {J F Clauser and  A Shimony},
title = {Bell's theorem. Experimental tests and implications},
journal = {Reports on Progress in Physics},
abstract = {Bell's theorem represents a significant advance in understanding the conceptual foundations of quantum mechanics. The theorem shows that essentially all local theories of natural phenomena that are formulated within the framework of realism may be tested using a single experimental arrangement. Moreover, the predictions by those theories must significantly differ from those by quantum mechanics. Experimental results evidently refute the theorem's predictions for these theories and favour those of quantum mechanics. The conclusions are philosophically startling: either one must totally abandon the realistic philosophy of most working scientists, or dramatically revise out concept of space-time.}
}

@article{schrodinger_1935, 
title={Discussion of probability relations between separated systems}, 
volume={31}, 
DOI={10.1017/S0305004100013554}, 
journal={Mathematical Proceedings of the Cambridge Philosophical Society}, 
publisher={Cambridge University Press}, 
author={Schrödinger, E.}, 
year={1935}, 
pages={555}
}

@article{PhysRevLett.98.140402,
  title = {{Steering, entanglement, nonlocality, and the Einstein-Podolsky-Rosen paradox}},
  author = {Wiseman, H. M. and Jones, S. J. and Doherty, A. C.},
  journal = {Phys. Rev. Lett.},
  volume = {98},
  issue = {14},
  pages = {140402},
  numpages = {4},
  year = {2007},
  month = {Apr},
  publisher = {American Physical Society},
  doi = {10.1103/PhysRevLett.98.140402},
  url = {https://link.aps.org/doi/10.1103/PhysRevLett.98.140402}
}

@article{Yongram:2013soa,
    author = "Yongram, N. and Manoukian, E. B.",
    title = "{Quantum field theory analysis of polarizations correlations, entanglement and Bell's inequality: explicit processes}",
    eprint = "1309.2059",
    archivePrefix = "arXiv",
    primaryClass = "hep-th",
    doi = "10.1002/prop.201200137",
    journal = "Fortsch. Phys.",
    volume = "61",
    pages = "668",
    year = "2013"
}

@article{Cervera-Lierta:2017tdt,
    author = "Cervera-Lierta, Alba and Latorre, Jos\'e I. and Rojo, Juan and Rottoli, Luca",
    title = "{Maximal entanglement in high energy physics}",
    eprint = "1703.02989",
    archivePrefix = "arXiv",
    primaryClass = "hep-th",
    doi = "10.21468/SciPostPhys.3.5.036",
    journal = "SciPost Phys.",
    volume = "3",
    pages = "036",
    year = "2017"
}

@article{Banerjee:2014vga,
    author = "Banerjee, Subhashish and Alok, Ashutosh Kumar and MacKenzie, Richard",
    title = "{Quantum correlations in $\PB$ and $\PK$ meson systems}",
    eprint = "1409.1034",
    archivePrefix = "arXiv",
    primaryClass = "hep-ph",
    reportNumber = "UDEM-GPP-TH-14-237, UdeM-GPP-TH-14-237",
    doi = "10.1140/epjp/i2016-16129-0",
    journal = "Eur. Phys. J. Plus",
    volume = "131",
    pages = "129",
    year = "2016"
}

@article{Aspect:1982fx,
    author = "Aspect, Alain and Dalibard, Jean and Roger, Gerard",
    title = "{Experimental test of Bell's inequalities using time varying analyzers}",
    doi = "10.1103/PhysRevLett.49.1804",
    journal = "Phys. Rev. Lett.",
    volume = "49",
    pages = "1804",
    year = "1982"
}

@article{Weihs:1998gy,
    author = "Weihs, Gregor and Jennewein, Thomas and Simon, Christoph and Weinfurter, Harald and Zeilinger, Anton",
    title = "{Violation of Bell's inequality under strict Einstein locality conditions}",
    eprint = "quant-ph/9810080",
    archivePrefix = "arXiv",
    doi = "10.1103/PhysRevLett.81.5039",
    journal = "Phys. Rev. Lett.",
    volume = "81",
    pages = "5039",
    year = "1998"
}

@article{Genovese:2005nw,
    author = "Genovese, Marco",
    title = "{Research on hidden variable theories: a review of recent progresses}",
    eprint = "quant-ph/0701071",
    archivePrefix = "arXiv",
    doi = "10.1016/j.physrep.2005.03.003",
    journal = "Phys. Rept.",
    volume = "413",
    pages = "319",
    year = "2005"
}

@article{Hensen:2015ccp,
    author = "Hensen, B. and others",
    title = "{Loophole-free Bell inequality violation using electron spins separated by 1.3 kilometres}",
    eprint = "1508.05949",
    archivePrefix = "arXiv",
    primaryClass = "quant-ph",
    doi = "10.1038/nature15759",
    journal = "Nature",
    volume = "526",
    pages = "682",
    year = "2015"
}

@article{Giustina:2015yza,
    author = "Giustina, Marissa and others",
    title = "{Significant-loophole-free test of Bell\textquoteright{}s theorem with entangled photons}",
    eprint = "1511.03190",
    archivePrefix = "arXiv",
    primaryClass = "quant-ph",
    doi = "10.1103/PhysRevLett.115.250401",
    journal = "Phys. Rev. Lett.",
    volume = "115",
    pages = "250401",
    year = "2015"
}

@article{Storz:2023jjx,
    author = "Storz, Simon and others",
    title = "{Loophole-free Bell inequality violation with superconducting circuits}",
    doi = "10.1038/s41586-023-05885-0",
    journal = "Nature",
    volume = "617",
    pages = "265",
    year = "2023"
}

@article{PhysRevLett.119.010402,
  title = {{Event-ready Bell test using entangled atoms simultaneously closing detection and locality loopholes}},
  author = {Rosenfeld, Wenjamin and Burchardt, Daniel and Garthoff, Robert and Redeker, Kai and Ortegel, Norbert and Rau, Markus and Weinfurter, Harald},
  journal = {Phys. Rev. Lett.},
  volume = {119},
  issue = {1},
  pages = {010402},
  numpages = {6},
  year = {2017},
  month = {Jul},
  publisher = {American Physical Society},
  doi = {10.1103/PhysRevLett.119.010402},
  url = {https://link.aps.org/doi/10.1103/PhysRevLett.119.010402}
}

@article{Choi1989,
	author = {Choi, S. Y. and Lee, Taeyeon and Song, H. S.},
	date-added = {2023-05-11 19:22:58 +0300},
	date-modified = {2023-05-11 19:22:58 +0300},
	doi = {10.1103/PhysRevD.40.2477},
	issue = {7},
	journal = {Phys. Rev. D},
	month = {Oct},
	pages = {2477},
	title = {Density matrix for polarization of high-spin particles},
	volume = {40},
	year = {1989},
	bdsk-url-1 = {https://doi.org/10.1103/PhysRevD.40.2477}}

@article{Kim1980,
	author = {Kim, J. and Kim, J. E. and Song, H. S.},
	date-added = {2023-05-11 19:21:30 +0300},
	date-modified = {2023-05-11 19:21:30 +0300},
	note = {PRINT-80-0470 (SEOUL-NATIONAL)},
	title = {{A consistent way of treating arbitrary spin polarization}},
	year = {1980}}

@article{Lamehi-Rachti:1976wey,
    author = "Lamehi-Rachti, M. and Mittig, W.",
    title = "{Quantum mechanics and hidden variables: a test of Bell's inequality by the measurement of the spin correlation in low-energy proton-- proton scattering}",
    doi = "10.1103/PhysRevD.14.2543",
    journal = "Phys. Rev. D",
    volume = "14",
    pages = "2543",
    year = "1976"
}

@article{Tornqvist:1980af,
    author = "Tornqvist, Nils A.",
    title = "{Suggestion for Einstein-Podolsky-Rosen experiments using reactions like $\Pep\Pem \to \Lambda \bar{\Lambda} \to \Pgpm\Pp\Pgpp\bar{\Pp}$}",
    reportNumber = "HU-TFT-80-22",
    doi = "10.1007/BF00715204",
    journal = "Found. Phys.",
    volume = "11",
    pages = "171",
    year = "1981"
}

@article{Benatti:1999jt,
    author = "Benatti, F. and Floreanini, R.",
    title = "{Dissipative contributions to $\epsilon'/\epsilon$}",
    eprint = "hep-ph/9906272",
    archivePrefix = "arXiv",
    doi = "10.1142/S0217732399001619",
    journal = "Mod. Phys. Lett. A",
    volume = "14",
    pages = "1519",
    year = "1999"
}

@article{Bertlmann:2001ea,
    author = "Bertlmann, R. A. and Grimus, W. and Hiesmayr, B. C.",
    title = "{Bell inequality and $CP$ violation in the neutral kaon system}",
    eprint = "quant-ph/0107022",
    archivePrefix = "arXiv",
    reportNumber = "UWTHPH-2001-23, UWThPh-2001-23",
    doi = "10.1016/S0375-9601(01)00577-1",
    journal = "Phys. Lett. A",
    volume = "289",
    pages = "21",
    year = "2001"
}

@article{Go:2003tx,
    author = "Go, Apollo",
    collaboration = "Belle",
    title = "{Observation of Bell inequality violation in $\PB$ mesons}",
    eprint = "quant-ph/0310192",
    archivePrefix = "arXiv",
    doi = "10.1080/09500340408233614",
    journal = "J. Mod. Opt.",
    volume = "51",
    pages = "991",
    year = "2004"
}

@article{Acin:2000cs,
    author = "Acin, A. and Latorre, J. I. and Pascual, P.",
    title = "{Three party entanglement from positronium}",
    eprint = "quant-ph/0007080",
    archivePrefix = "arXiv",
    doi = "10.1103/PhysRevA.63.042107",
    journal = "Phys. Rev. A",
    volume = "63",
    pages = "042107",
    year = "2001"
}

@article{Baranov:2008zzb,
    author = "Baranov, S. P.",
    title = "{Bell's inequality in charmonium decays $\eta_{c} \to \Lambda \bar{\Lambda}$, $\chi_{c} \to \Lambda\bar{\Lambda}$ and $\textrm{J}/\psi \to \Lambda\bar{\Lambda}$}",
    doi = "10.1088/0954-3899/35/7/075002",
    journal = "J. Phys. G",
    volume = "35",
    pages = "075002",
    year = "2008"
}

@article{Banerjee:2015mha,
    author = "Banerjee, Subhashish and Alok, Ashutosh Kumar and Srikanth, R. and Hiesmayr, Beatrix C.",
    title = "{A quantum information theoretic analysis of three flavor neutrino oscillations}",
    eprint = "1508.03480",
    archivePrefix = "arXiv",
    primaryClass = "hep-ph",
    doi = "10.1140/epjc/s10052-015-3717-x",
    journal = "Eur. Phys. J. C",
    volume = "75",
    number = "10",
    pages = "487",
    year = "2015"
}

@article{Clauser:1978ng,
    author = "Clauser, John F. and Shimony, Abner",
    title = "{Bell's theorem: experimental tests and implications}",
    doi = "10.1088/0034-4885/41/12/002",
    journal = "Rept. Prog. Phys.",
    volume = "41",
    pages = "1881",
    year = "1978"
}

@article{Clauser:1974tg,
    author = "Clauser, John F. and Horne, Michael A.",
    title = "{Experimental consequences of objective local theories}",
    reportNumber = "LBL-2072-REV, LBL-2072",
    doi = "10.1103/PhysRevD.10.526",
    journal = "Phys. Rev. D",
    volume = "10",
    pages = "526",
    year = "1974"
}

@article{Gong:2021bcp,
    author = "Gong, Wenjie and Parida, Ganesh and Tu, Zhoudunming and Venugopalan, Raju",
    title = "{Measurement of Bell-type inequalities and quantum entanglement from $\Lambda$-hyperon spin correlations at high energy colliders}",
    eprint = "2107.13007",
    archivePrefix = "arXiv",
    primaryClass = "hep-ph",
    doi = "10.1103/PhysRevD.106.L031501",
    journal = "Phys. Rev. D",
    volume = "106",
    pages = "L031501",
    year = "2022"
}

@article{Severi:2021cnj,
    author = "Severi, Claudio and Boschi, Cristian Degli Esposti and Maltoni, Fabio and Sioli, Maximiliano",
    title = "{Quantum tops at the LHC: from entanglement to Bell inequalities}",
    eprint = "2110.10112",
    archivePrefix = "arXiv",
    primaryClass = "hep-ph",
    doi = "10.1140/epjc/s10052-022-10245-9",
    journal = "Eur. Phys. J. C",
    volume = "82",
    pages = "285",
    year = "2022"
}

@article{Larkoski:2022lmv,
    author = "Larkoski, Andrew J.",
    title = "{General analysis for observing quantum interference at colliders}",
    eprint = "2201.03159",
    archivePrefix = "arXiv",
    primaryClass = "hep-ph",
    reportNumber = "SLAC-PUB-17644",
    doi = "10.1103/PhysRevD.105.096012",
    journal = "Phys. Rev. D",
    volume = "105",
    pages = "096012",
    year = "2022"
}

@article{Afik:2022kwm,
    author = "Afik, Yoav and de Nova, Juan R. M.",
    title = "{Quantum information with top quarks in QCD}",
    eprint = "2203.05582",
    archivePrefix = "arXiv",
    primaryClass = "quant-ph",
    doi = "10.22331/q-2022-09-29-820",
    journal = "Quantum",
    volume = "6",
    pages = "820",
    year = "2022"
}

@article{Brunner:RevModPhys.86.419,
  title = {Bell nonlocality},
  author = {Brunner, Nicolas and Cavalcanti, Daniel and Pironio, Stefano and Scarani, Valerio and Wehner, Stephanie},
  journal = {Rev. Mod. Phys.},
  volume = {86},
  issue = {2},
  pages = {419},
  numpages = {60},
  year = {2014},
  month = {Apr},
  publisher = {American Physical Society},
  doi = {10.1103/RevModPhys.86.419},
  url = {https://link.aps.org/doi/10.1103/RevModPhys.86.419}
}

@article{Belle:2020lfn,
    author = "Sahoo, D. and others",
    collaboration = "Belle",
    title = "{Search for lepton-number- and baryon-number-violating tau decays at Belle}",
    eprint = "2010.15361",
    archivePrefix = "arXiv",
    primaryClass = "hep-ex",
    reportNumber = "Belle Preprint 2020-16, KEK Preprint 2020-33",
    doi = "10.1103/PhysRevD.102.111101",
    journal = "Phys. Rev. D",
    volume = "102",
    pages = "111101",
    year = "2020"
}

@article{Jadach:1984hwn,
    author = "Jadach, S. and Was, Z.",
    title = "{QED $\mathcal{O}(\alpha^{3})$ radiative corrections to the reaction $\Pep\Pem \to \Pgtp\Pgtm$ including spin and mass effects}",
    journal = "Acta Phys. Polon. B",
    volume = "15",
    pages = "1151",
    year = "1984",
    note = "[Erratum: Acta Phys.Polon.B 16, 483 (1985)]"
}

@article{Jadach:1985nr,
    author = "Jadach, Stanislaw",
    title = "{QED radiative corrections, Monte Carlo and spin: The case of the $\Pgt$ pair production in $\Pep\Pem$ annihilation. Parts 1 and 2}",
    reportNumber = "TPJU-1-85",
    journal = "Acta Phys. Polon. B",
    volume = "16",
    pages = "1007",
    year = "1985"
}

@article{Alwall:2014hca,
    author = "Alwall, J. and Frederix, R. and Frixione, S. and Hirschi, V. and Maltoni, F. and Mattelaer, O. and Shao, H. -S. and Stelzer, T. and Torrielli, P. and Zaro, M.",
    title = "{The automated computation of tree-level and next-to-leading order differential cross sections, and their matching to parton shower simulations}",
    eprint = "1405.0301",
    archivePrefix = "arXiv",
    primaryClass = "hep-ph",
    reportNumber = "CERN-PH-TH-2014-064, CP3-14-18, LPN14-066, MCNET-14-09, ZU-TH-14-14",
    doi = "10.1007/JHEP07(2014)079",
    journal = "JHEP",
    volume = "07",
    pages = "079",
    year = "2014"
}

@article{Kuhn:1993ra,
    author = "K{\"u}hn, Johann H.",
    title = "{Tau kinematics from impact parameters}",
    eprint = "hep-ph/9307269",
    archivePrefix = "arXiv",
    reportNumber = "TTP-93-14",
    doi = "10.1016/0370-2693(93)90019-E",
    journal = "Phys. Lett. B",
    volume = "313",
    pages = "458",
    year = "1993"
}

@article{Cherepanov:2023wfp,
    author = "Cherepanov, Vladimir and Veelken, Christian",
    title = "{The polarimeter vector for $\Pgt \to 3 \Pgp\Pgngt$ decays}",
    eprint = "2311.10490",
    archivePrefix = "arXiv",
    primaryClass = "hep-ex",
    month = "11",
    year = "2023"
}

@book{Bell:1987hh,
    author = "Bell, J. S.",
    title = "{Spekable and unspeakable in quantum mechanics. Collected papers on quantum philosophy}",
    publisher="Cambridge University Press",
    pages="109",
    year = "1987"
}
